<?xml version="1.0" encoding="UTF-8"?><collection xmlns="http://www.loc.gov/MARC21/slim"><record><leader>00523nam--2200193-i-4500</leader><controlfield tag="001">000024640</controlfield><controlfield tag="002">20161230</controlfield><controlfield tag="005">20161230201035</controlfield><controlfield tag="008">060222s1000------------r-----000-0-rum-d</controlfield><datafield ind1=" " ind2=" " tag="040"><subfield code="a">IFIN-HH</subfield></datafield><datafield ind1=" " ind2=" " tag="041"><subfield code="a">rum</subfield></datafield><datafield ind1=" " ind2=" " tag="080"><subfield code="a">539.193</subfield></datafield><datafield ind1="1" ind2=" " tag="100"><subfield code="a">Jennings, K.R</subfield></datafield><datafield ind1="1" ind2="0" tag="245"><subfield code="a">Structura moleculara</subfield><subfield code="b">Traducere de c.papadopol calimah</subfield><subfield code="c">K.r. jennings</subfield></datafield><datafield ind1=" " ind2=" " tag="260"><subfield code="a">Bucuresti</subfield><subfield code="b">Editura Stiintifica</subfield><subfield code="c">1967</subfield></datafield><datafield ind1=" " ind2=" " tag="300"><subfield code="a">152P</subfield></datafield><datafield ind1=" " ind2=" " tag="490"><subfield code="a">Chimie. Enciclopedia De Buzunar</subfield></datafield><datafield ind1=" " ind2=" " tag="852"><subfield code="a">28162</subfield><subfield code="c">539.19</subfield></datafield><datafield ind1=" " ind2=" " tag="CAT"><subfield code="a">Sys</subfield><subfield code="c">20120712</subfield><subfield code="h">142739</subfield></datafield></record></collection>